@misc{PFGPlots,
    author = {PFGPlots},
    title = {A LaTeX package to create plots.},
	url = {https://pgfplots.sourceforge.net/}
}

@article{boubaker2013inverted,
  title={The inverted pendulum benchmark in nonlinear control theory: a survey},
  author={Boubaker, Olfa},
  journal={International Journal of Advanced Robotic Systems},
  volume={10},
  number={5},
  pages={233},
  year={2013},
  publisher={SAGE Publications Sage UK: London, England}
}

@book{Ogata2010,
  title={Modern control engineering},
  author={Ogata, Katsuhiko},
  year={2010},
  publisher={Prentice hall}
}

@article{Furuta1992,
author = {K Furuta and M Yamakita and S Kobayashi},
title ={Swing-up Control of Inverted Pendulum Using Pseudo-State Feedback},

journal = {Proceedings of the Institution of Mechanical Engineers, Part I: Journal of Systems and Control Engineering},
volume = {206},
number = {4},
pages = {263-269},
year = {1992},
doi = {10.1243/PIME\_PROC\_1992\_206\_341\_02},

URL = { 
    
        https://doi.org/10.1243/PIME_PROC_1992_206_341_02
    
    

},
eprint = { 
    
        https://doi.org/10.1243/PIME_PROC_1992_206_341_02
    
    

}

}

@inproceedings{deepak2019l,
  title={Model Predictive Control for rotary inverted pendulum using LabVIEW},
  author={Deepak, KN and Sharma, K Rahul and Ananthan, T},
  booktitle={IOP Conference Series: Materials Science and Engineering},
  volume={577},
  number={1},
  pages={012113},
  year={2019},
  organization={IOP Publishing}
}

@article{Duart2017,
doi = {10.1088/1742-6596/792/1/012081},
url = {https://dx.doi.org/10.1088/1742-6596/792/1/012081},
year = {2017},
month = {jan},
publisher = {IOP Publishing},
volume = {792},
number = {1},
pages = {012081},
author = {Duart, J L and Montero, B and Ospina, P A and Gonz√°lez, E},
title = {Dynamic Modeling and Simulation of a Rotational Inverted Pendulum},
journal = {Journal of Physics: Conference Series},

}

@INPROCEEDINGS{Nath2014,
  title           = "Swing-up and control of Rotary Inverted Pendulum using
                     pole placement with integrator",
  booktitle       = "2014 Recent Advances in Engineering and Computational
                     Sciences ({RAECS})",
  author          = "Nath, Vishwa and Mitra, R",
  publisher       = "IEEE",
  month           =  mar,
  year            =  2014,
  conference      = "2014 Recent Advances in Engineering and Computational
                     Sciences (RAECS)",
  location        = "Chandigarh, India"
}

@article{houck2013,
  title={Furuta pendulum},
  author={Houck, Andrew Careaga and Katzschmann, Robert Kevin and Souza, Joao Luiz Almeida},
  journal={Department of Mechanical Engineering, Massachusetts Institute of Technology},
  volume={2},
  year={2013}
}

@book{spong2008,
  title={Robot dynamics and control},
  author={Spong, Mark W and Vidyasagar, Mathukumalli},
  year={2008},
  publisher={John Wiley \& Sons}
}

@article{yamane2021,
  title={Projeto mec{\^a}nico e s{\'\i}ntese do controlador de um p{\^e}ndulo de Furuta},
  author={Yamane, Lucas de Souza and others},
  year={2021},
  publisher={Brasil}
}

@article{mathew2013,
  title={Swing up and stabilization control of a rotary inverted pendulum},
  author={Mathew, Navin John and Rao, K Koteswara and Sivakumaran, N},
  journal={IFAC Proceedings Volumes},
  volume={46},
  number={32},
  pages={654--659},
  year={2013},
  publisher={Elsevier}
}
